<?xml version="1.0" encoding="UTF-8"?><collection xmlns="http://www.loc.gov/MARC21/slim"><record><leader>00412nam--2200133-i-4500</leader><controlfield tag="001">000013766</controlfield><controlfield tag="002">20161230</controlfield><controlfield tag="005">20161230201030</controlfield><controlfield tag="008">060222s1000------------r-----000-0-eng-d</controlfield><datafield ind1=" " ind2=" " tag="080"><subfield code="a">550.34.038:061.62</subfield></datafield><datafield ind1=" " ind2=" " tag="100"><subfield code="a">Bath, Markus</subfield></datafield><datafield ind1=" " ind2=" " tag="245"><subfield code="a">Observations seismographiques faites a l observatoire meteorologique d uppsala de juillet 1939 a juin 1940</subfield></datafield><datafield ind1=" " ind2=" " tag="260"><subfield code="a">Uppsala, Universite Uppsala, 1941 34 P</subfield></datafield><datafield ind1=" " ind2=" " tag="852"><subfield code="a">47528</subfield></datafield></record></collection>